@incollection{yuan2016using,
  title={Using the continual reassessment method to estimate the minimum effective dose in phase II dose-finding studies: a case study},
  author={Yuan, Ying and Nguyen, Hoang Q and Thall, Peter F and Agresti, A and Albert, JH and Chib, S and Almirall, D and Ten Have, T and Murphy, SA and Anand, P and others},
  booktitle={Bayesian Designs for Phase I--II Clinical Trials},
  volume={11},
  number={4},
  pages={1--28},
  year={2016},
  publisher={Cambridge University London}
}
@book{yin2012clinical,
  title={Clinical trial design: Bayesian and frequentist adaptive methods},
  author={Yin, Guosheng},
  volume={876},
  year={2012},
  publisher={John Wiley \& Sons}
}
@article{wages2015seamless,
  title={Seamless phase I/II adaptive design for oncology trials of molecularly targeted agents},
  author={Wages, Nolan A and Tait, Christopher},
  journal={Journal of biopharmaceutical statistics},
  volume={25},
  number={5},
  pages={903--920},
  year={2015},
  publisher={Taylor \& Francis}
}
@article{gooley1994simulation,
  title={Simulation as a design tool for phase I/II clinical trials: an example from bone marrow transplantation},
  author={Gooley, Ted A and Martin, Paul J and Fisher, Lloyd D and Pettinger, Mary},
  journal={Controlled Clinical Trials},
  volume={15},
  number={6},
  pages={450--462},
  year={1994},
  publisher={Elsevier}
}
@article{thall1995bayesian,
  title={Bayesian sequential monitoring designs for single-arm clinical trials with multiple outcomes},
  author={Thall, Peter F and Simon, Richard M and Estey, Elihu H},
  journal={Statistics in medicine},
  volume={14},
  number={4},
  pages={357--379},
  year={1995},
  publisher={Wiley Online Library}
}
@article{thall1998strategy,
  title={A strategy for dose-finding and safety monitoring based on efficacy and adverse outcomes in phase I/II clinical trials},
  author={Thall, Peter F and Russell, Kathy E},
  journal={Biometrics},
  pages={251--264},
  year={1998},
  publisher={JSTOR}
}
@article{o1990continual,
  title={Continual reassessment method: a practical design for phase 1 clinical trials in cancer},
  author={O'Quigley, John and Pepe, Margaret and Fisher, Lloyd},
  journal={Biometrics},
  pages={33--48},
  year={1990},
  publisher={JSTOR}
}
@article{thall2004dose,
  title={Dose-finding based on efficacy--toxicity trade-offs},
  author={Thall, Peter F and Cook, John D},
  journal={Biometrics},
  volume={60},
  number={3},
  pages={684--693},
  year={2004},
  publisher={Wiley Online Library}
}
@article{yin2006bayesian,
  title={Bayesian dose-finding in phase I/II clinical trials using toxicity and efficacy odds ratios},
  author={Yin, Guosheng and Li, Yisheng and Ji, Yuan},
  journal={Biometrics},
  volume={62},
  number={3},
  pages={777--787},
  year={2006},
  publisher={Wiley Online Library}
}
@article{nebiyou2005bayesian,
  title={A Bayesian approach to jointly modeling toxicity and biomarker expression in a phase I/II dose-finding trial},
  author={Nebiyou Bekele, B and Shen, Yu},
  journal={Biometrics},
  volume={61},
  number={2},
  pages={343--354},
  year={2005},
  publisher={Wiley Online Library}
}
@article{hirakawa2012adaptive,
  title={An adaptive dose-finding approach for correlated bivariate binary and continuous outcomes in phase I oncology trials},
  author={Hirakawa, Akihiro},
  journal={Statistics in medicine},
  volume={31},
  number={6},
  pages={516--532},
  year={2012},
  publisher={Wiley Online Library}
}
@article{yeung2015bayesian,
  title={Bayesian adaptive dose-escalation procedures for binary and continuous responses utilizing a gain function},
  author={Yeung, Wai Yin and Whitehead, John and Reigner, Bruno and Beyer, Ulrich and Diack, Cheikh and Jaki, Thomas},
  journal={Pharmaceutical statistics},
  volume={14},
  number={6},
  pages={479--487},
  year={2015},
  publisher={Wiley Online Library}
}
@article{o2001dose,
  title={Dose-finding designs for HIV studies},
  author={O'Quigley, John and Hughes, Michael D and Fenton, Terry},
  journal={Biometrics},
  volume={57},
  number={4},
  pages={1018--1029},
  year={2001},
  publisher={Wiley Online Library}
}
@article{zhang2006adaptive,
  title={An adaptive dose-finding design incorporating both toxicity and efficacy},
  author={Zhang, Wei and Sargent, Daniel J and Mandrekar, Sumithra},
  journal={Statistics in medicine},
  volume={25},
  number={14},
  pages={2365--2383},
  year={2006},
  publisher={Wiley Online Library}
}
@article{mandrekar2010model,
  title={Model-based phase I designs incorporating toxicity and efficacy for single and dual agent drug combinations: methods and challenges},
  author={Mandrekar, Sumithra J and Qin, Rui and Sargent, Daniel J},
  journal={Statistics in medicine},
  volume={29},
  number={10},
  pages={1077--1083},
  year={2010},
  publisher={Wiley Online Library}
}
@article{heise1996optimal,
  title={Optimal designs for bivariate logistic regression},
  author={Heise, Mark A and Myers, Raymond H},
  journal={Biometrics},
  pages={613--624},
  year={1996},
  publisher={JSTOR}
}
@incollection{fan2001optimal,
  title={Optimal designs for a continuation-ratio model},
  author={Fan, SK and Chaloner, K},
  booktitle={mODa 6—Advances in Model-Oriented Design and Analysis},
  pages={77--85},
  year={2001},
  publisher={Springer}
}
@article{fan2004optimal,
  title={Optimal designs and limiting optimal designs for a trinomial response},
  author={Fan, Shenghua Kelly and Chaloner, Kathryn},
  journal={Journal of Statistical Planning and Inference},
  volume={126},
  number={1},
  pages={347--360},
  year={2004},
  publisher={Elsevier}
}
@incollection{rabie2004optimal,
  title={Optimal designs for contingent response models},
  author={Rabie, Huwaida S and Flournoy, Nancy},
  booktitle={mODa 7—Advances in Model-Oriented Design and Analysis},
  pages={133--142},
  year={2004},
  publisher={Springer}
}
@article{dragalin2006adaptive,
  title={Adaptive designs for dose-finding based on efficacy--toxicity response},
  author={Dragalin, Vladimir and Fedorov, Valerii},
  journal={Journal of Statistical Planning and Inference},
  volume={136},
  number={6},
  pages={1800--1823},
  year={2006},
  publisher={Elsevier}
}
@article{coffey2007d,
  title={D-optimal designs for mixed discrete and continuous outcomes analyzed using nonlinear models},
  author={Coffey, Todd and Gennings, Chris},
  journal={Journal of agricultural, biological, and environmental statistics},
  volume={12},
  number={1},
  pages={78},
  year={2007},
  publisher={Springer}
}
@article{fedorov2012optimal,
  title={Optimal dose-finding designs with correlated continuous and discrete responses},
  author={Fedorov, Valerii and Wu, Yuehui and Zhang, Rongmei},
  journal={Statistics in medicine},
  volume={31},
  number={3},
  pages={217--234},
  year={2012},
  publisher={Wiley Online Library}
}
@article{yang2013optimal,
  title={On optimal designs for nonlinear models: a general and efficient algorithm},
  author={Yang, Min and Biedermann, Stefanie and Tang, Elina},
  journal={Journal of the American Statistical Association},
  volume={108},
  number={504},
  pages={1411--1420},
  year={2013},
  publisher={Taylor \& Francis}
}